% Use this file for citations not found in the ACL Anthology (contained in "anthology.bib").

@article{davies2013corpus,
  title={Corpus of News on the Web (NOW): 3+ billion words from 20 countries, updated every day},
  author={Davies, Mark},
  journal={Retrieved January},
  volume={25},
  pages={2019},
  year={2013}
}

@article{devlin2018bert,
  title={Bert: Pre-training of deep bidirectional transformers for language understanding},
  author={Devlin, Jacob and Chang, Ming-Wei and Lee, Kenton and Toutanova, Kristina},
  journal={arXiv preprint arXiv:1810.04805},
  year={2018}
}

@inproceedings{pennington2014glove,
  title={Glove: Global vectors for word representation},
  author={Pennington, Jeffrey and Socher, Richard and Manning, Christopher D},
  booktitle={Proceedings of the 2014 conference on empirical methods in natural language processing (EMNLP)},
  pages={1532--1543},
  year={2014}
}

@article{perez2020don,
  title={Don't patronize me! An annotated dataset with patronizing and condescending language towards vulnerable communities},
  author={P{\'e}rez-Almendros, Carla and Espinosa-Anke, Luis and Schockaert, Steven},
  journal={arXiv preprint arXiv:2011.08320},
  year={2020}
}

@inproceedings{sundararajan2017axiomatic,
  title={Axiomatic attribution for deep networks},
  author={Sundararajan, Mukund and Taly, Ankur and Yan, Qiqi},
  booktitle={International conference on machine learning},
  pages={3319--3328},
  year={2017},
  organization={PMLR}
}

@article{vaswani2017attention,
  title={Attention is all you need},
  author={Vaswani, Ashish and Shazeer, Noam and Parmar, Niki and Uszkoreit, Jakob and Jones, Llion and Gomez, Aidan N and Kaiser, {\L}ukasz and Polosukhin, Illia},
  journal={Advances in neural information processing systems},
  volume={30},
  year={2017}
}

@article{zampieri2019semeval,
  title={Semeval-2019 task 6: Identifying and categorizing offensive language in social media (offenseval)},
  author={Zampieri, Marcos and Malmasi, Shervin and Nakov, Preslav and Rosenthal, Sara and Farra, Noura and Kumar, Ritesh},
  journal={arXiv preprint arXiv:1903.08983},
  year={2019}
}

@article{hu2022pali,
  title={PALI-NLP at SemEval-2022 Task 4: Discriminative Fine-tuning of Deep Transformers for Patronizing and Condescending Language Detection},
  author={Hu, Dou and Zhou, Mengyuan and Du, Xiyang and Yuan, Mengfei and Jin, Meizhi and Jiang, Lianxin and Mo, Yang and Shi, Xiaofeng},
  journal={arXiv preprint arXiv:2203.04616},
  year={2022}
}

@article{zhao2022utsa,
  title={UTSA NLP at SemEval-2022 Task 4: An Exploration of Simple Ensembles of Transformers, Convolutional, and Recurrent Neural Networks},
  author={Zhao, Xingmeng and Rios, Anthony},
  journal={arXiv preprint arXiv:2203.14920},
  year={2022}
}

@article{bestgen2022satlab,
  title={SATLab at SemEval-2022 Task 4: Trying to Detect Patronizing and Condescending Language with only Character and Word N-grams},
  author={Bestgen, Yves},
  journal={arXiv preprint arXiv:2203.05355},
  year={2022}
}